
@manual{prtools-manual,
	author    = "Duin, R. P. W. and Juszczak, P. and Paclik, P. and Pekalska, E. and De Ridder, D. and Tax, D. M. J. and Verzakov, S. ",
    title     = "PRTools4 - A Matlab Toolbox for Pattern Recognition",
    month 	  = "August",
    year  	  = "2007",
}

@article{lanczos-filtering,
    author = {Duchon, Claude E.},
    booktitle = {Journal of Applied Meteorology},
    citeulike-article-id = {3729530},
    citeulike-linkout-0 = {http://journals.ametsoc.org/doi/abs/10.1175/1520-0450(1979)018<1016:LFIOAT>2.0.CO;2},
    citeulike-linkout-1 = {http://dx.doi.org/10.1175/1520-0450(1979)018\%3C1016:lfioat\%3E2.0.co;2},
    day = {1},
    doi = {10.1175/1520-0450(1979)018\%3C1016:lfioat\%3E2.0.co;2},
    journal = {J. Appl. Meteor.},
    keywords = {lanczos\_filter},
    month = aug,
    number = {8},
    pages = {1016--1022},
    posted-at = {2011-08-03 16:50:28},
    priority = {2},
    publisher = {American Meteorological Society},
    title = {{Lanczos Filtering in One and Two Dimensions}},
    url = {http://dx.doi.org/10.1175/1520-0450(1979)018\%3C1016:lfioat\%3E2.0.co;2},
    volume = {18},
    year = {1979}
}



